<?xml version="1.0" encoding="UTF-8"?>
<record xmlns="http://www.loc.gov/MARC21/slim">
   <leader>01409cam a2200361 a 4500</leader>
   <controlfield tag="001">2563093</controlfield>
   <controlfield tag="003">CaMWOCL</controlfield>
   <controlfield tag="005">20011129152625.0</controlfield>
   <controlfield tag="008">011114s2001    abc      s   s000 0 eng  </controlfield>
   <datafield tag="016" ind1=" " ind2=" ">
      <subfield code="a">20018025498</subfield>
   </datafield>
   <datafield tag="035" ind1=" " ind2=" ">
      <subfield code="a">ocm48494836</subfield>
   </datafield>
   <datafield tag="040" ind1=" " ind2=" ">
      <subfield code="a">NLC</subfield>
      <subfield code="b">eng</subfield>
      <subfield code="c">NLC</subfield>
      <subfield code="d">AEU</subfield>
   </datafield>
   <datafield tag="043" ind1=" " ind2=" ">
      <subfield code="a">n-cn-ab</subfield>
   </datafield>
   <datafield tag="045" ind1=" " ind2=" ">
      <subfield code="a">y0y0</subfield>
   </datafield>
   <datafield tag="055" ind1="0" ind2="0">
      <subfield code="a">E78.A34</subfield>
      <subfield code="b">A43 2001</subfield>
   </datafield>
   <datafield tag="055" ind1="0" ind2="3">
      <subfield code="a">COP.AL.2.2001-197</subfield>
   </datafield>
   <datafield tag="082" ind1="0" ind2=" ">
      <subfield code="a">304.6/089/9707123021</subfield>
      <subfield code="2">21</subfield>
   </datafield>
   <datafield tag="090" ind1=" " ind2=" ">
      <subfield code="a">E 78 A34 A423 2001</subfield>
      <subfield code="b">AEE</subfield>
   </datafield>
   <datafield tag="090" ind1=" " ind2=" ">
      <subfield code="a">E 78 A34 A432 2001</subfield>
      <subfield code="b">AEU</subfield>
   </datafield>
   <datafield tag="240" ind1="0" ind2="0">
      <subfield code="a">Alberta's First Nations :/ Indian register population (December, 2000), 18 years of age and under by place of residence.</subfield>
   </datafield>
   <datafield tag="245" ind1="0" ind2="0">
      <subfield code="a">Alberta's First Nations : Indian register population (December, 2000), 18 years of age and under by place of residence 2001</subfield>
      <subfield code="b">Indian register population (December, 2000), 18 years of age and under by place of residence.</subfield>
   </datafield>
   <datafield tag="260" ind1=" " ind2=" ">
      <subfield code="a">[Edmonton] :</subfield>
      <subfield code="b">Research and Analysis Branch, Strategic Services, Aboriginal Affairs, Alberta Aboriginal Affairs and Northern Development,</subfield>
      <subfield code="c">2001.</subfield>
   </datafield>
   <datafield tag="300" ind1=" " ind2=" ">
      <subfield code="a">50 leaves ;</subfield>
      <subfield code="c">28 cm.</subfield>
   </datafield>
   <datafield tag="336" ind1=" " ind2=" ">
      <subfield code="a">text</subfield>
      <subfield code="b">txt</subfield>
      <subfield code="2">rdacontent</subfield>
   </datafield>
   <datafield tag="337" ind1=" " ind2=" ">
      <subfield code="a">unmediated</subfield>
      <subfield code="b">n</subfield>
      <subfield code="2">rdamedia</subfield>
   </datafield>
   <datafield tag="338" ind1=" " ind2=" ">
      <subfield code="a">volume</subfield>
      <subfield code="b">nc</subfield>
      <subfield code="2">rdacarrier</subfield>
   </datafield>
   <datafield tag="596" ind1=" " ind2=" ">
      <subfield code="a">2 43 48</subfield>
   </datafield>
   <datafield tag="650" ind1=" " ind2="0">
      <subfield code="a">Indian children</subfield>
      <subfield code="z">Alberta</subfield>
      <subfield code="v">Statistics.</subfield>
   </datafield>
   <datafield tag="650" ind1=" " ind2="0">
      <subfield code="a">Indians of North America</subfield>
      <subfield code="z">Alberta</subfield>
      <subfield code="x">Population</subfield>
      <subfield code="v">Statistics.</subfield>
   </datafield>
   <datafield tag="651" ind1=" " ind2="0">
      <subfield code="a">Alberta</subfield>
      <subfield code="x">Population</subfield>
      <subfield code="v">Statistics.</subfield>
   </datafield>
   <datafield tag="710" ind1="1" ind2=" ">
      <subfield code="a">Alberta.</subfield>
      <subfield code="b">Aboriginal Affairs.</subfield>
      <subfield code="b">Strategic Services.</subfield>
      <subfield code="b">Research and Analysis Branch.</subfield>
   </datafield>
   <datafield tag="926" ind1=" " ind2=" ">
      <subfield code="a">AGL_CAP</subfield>
      <subfield code="b">ON_SHELF</subfield>
      <subfield code="c">E 78 A34 A423 2001</subfield>
      <subfield code="d">BOOK</subfield>
      <subfield code="f">1</subfield>
   </datafield>
   <datafield tag="926" ind1=" " ind2=" ">
      <subfield code="a">UAHSS</subfield>
      <subfield code="b">ON_SHELF</subfield>
      <subfield code="c">E 78 A34 A432 2001</subfield>
      <subfield code="d">BOOK</subfield>
      <subfield code="f">1</subfield>
   </datafield>
   <datafield tag="926" ind1=" " ind2=" ">
      <subfield code="a">UASCITECH</subfield>
      <subfield code="b">POLAR</subfield>
      <subfield code="c">E 78 A34 A432 2001</subfield>
      <subfield code="d">BOOK</subfield>
      <subfield code="f">1</subfield>
   </datafield>
</record>
